@MISC{Arpp,
  author =       "{Techgenix}",
  title =        "{\it Understanding Man-in-the-Middle Attacks â€“ ARP Cache Poisoning}",
  url =          "http://techgenix.com/understanding-man-in-the-middle-attacks-arp-part1/",
  note =         "[online]. 2010, [cit.~23.4.2017]"
}

@MISC{Ndp,
  author =       "{Packetlife}",
  title =        "{\it IPv6 neighbor spoofing}",
  url =          "http://packetlife.net/blog/2009/feb/2/ipv6-neighbor-spoofing/",
  note =         "[online]. 2009, [cit.~23.4.2017]"
}

@MISC{Spf,
  author =       "{Veracode}",
  title =        "{\it ARP Spoofing}",
  url =          "https://www.veracode.com/security/arp-spoofing",
  note =         "[online]. 2017, [cit.~23.4.2017]"
}
