@Book{Knuth1,
author = {Donald Ervin Knuth},
title = {The TeXbook},
publisher = {Addison-Wesley Professional},
year = {1984},
month = {Leden},
pages = {496},
isbn = {978-0201134483}
}

@Book{Knuth2,
author = {Donald Ervin Knuth},
title = {The Metafont Book},
publisher = {Addison-Wesley},
year = {1986},
month = {Leden},
edition = {1.},
pages = {384},
isbn = {978-0201134445}
}

@Book{Lamport1,
author = {Leslie Lamport},
title = {LaTeX: A Document Preparation System},
publisher = {Addison-Wesley Professional},
year = {1994},
month = {Červenec},
edition = {Druhé},
pages = {288},
isbn = {978-0201529838}
}

@Article{Amsmath,
author = {Michael Downes},
title = {Short Math Guide for LaTeX},
year = {2002},
url = {ftp://ftp.ams.org/pub/tex/doc/amsmath/short-math-guide.pdf},
note = {[online]}
}

@Article{Tables,
author = {Lapo Filippo Mori},
title = {Tables in LaTeX2$\epsilon$: Packages and Methods},
year = {2007},
url = {https://www.tug.org/pracjourn/2007-1/mori/mori.pdf},
note = {[online]}
}

@Article{Graphix,
author = {Klaus Höppner},
title = {Strategies for including graphics in LaTeX documents},
year = {2005},
url = {https://tug.org/TUGboat/tb26-1/hoeppner.pdf},
note = {[online]}
}

@InProceedings{KrenaITY,
author = {Bohuslav K{\v{r}}ena},
title = {Zaveden{\'{i}} p{\v{r}}edm{\v{e}}tu Typografie a
publikov{\'{a}}n{\'{i}} na FIT VUT v Brn{\v{e}}},
pages = {57--58},
booktitle = {Informatika XXI/2008},
year = {2008},
location = {Luha{\v{c}}ovice, CZ},
publisher = {Konvoj},
ISBN = {978-80-7302-151-1},
language = {czech},
url = {http://www.fit.vutbr.cz/research/view_pub.php.cs?id=8568}
}

@InCollection{Sbornik1,
author = {Robert Mařík},
title = {Hrátky s programem Sage},
booktitle = {Zpravodaj Československého sdružení uživatlů TeXu},
OPTpages = {192},
OPTpublisher = {CSTUG},
OPTyear = {2012},
OPTchapter = {5},
OPTmonth = {3},
OPTissn = {1211-6661},
}

@InCollection{Sbornik2,
author = {Jaromír Kuben},
title = {Co je to METAFONT},
booktitle = {Zpravodaj Československého sdružení uživatlů TeXu},
OPTpages = {331},
OPTpublisher = {CSTUG},
OPTyear = {2005},
OPTmonth = {2-4},
OPTissn = {1211-6661},
}

@MastersThesis{Thesis1,
author = {Pyšný Radek},
title = {BiBTeX styl pro ČSN ISO 690 a ČSN ISO 690-2},
school = {Vysoké učení technické v Brně, Fakulta informačních technologií},
year = {2009},
}

@MastersThesis{Thesis2,
author = {Vojtěch Sysel},
title = {Poloautomatický generátor knih z webu},
school = {Vysoké učení technické v Brně, Fakulta informačních technologií},
year = {2009},
}

@MastersThesis{Thesis3,
author = {Vlastimil Kapusta},
title = {Systém na automatické generování písemných zkoušek},
school = {Vysoké učení technické v Brně, Fakulta informačních technologií},
year = {2012},
}
